@inproceedings{andersen2000analyzing,
  title={Analyzing clickstreams using subsessions},
  author={Andersen, Jesper and Giversen, Anders and Jensen, Allan H and Larsen, Rune S and Pedersen, Torben Bach and Skyt, Janne},
  booktitle={Proceedings of the 3rd ACM international workshop on Data warehousing and OLAP},
  pages={25--32},
  year={2000},
  organization={ACM}
}

@inproceedings{banerjee2002characterizing,
  title={Characterizing visitors to a Web site across multiple sessions},
  author={Banerjee, Arindam and Ghosh, Joydeep},
  booktitle={Proceedings of NGDM02: National Science Foundation Workshop on Next Generation Data Mining},
  year={2002}
}

@article{bijalwan2014knn,
  title={KNN based machine learning approach for text and document mining},
  author={Bijalwan, Vishwanath and Kumar, Vinay and Kumari, Pinki and Pascual, Jordan},
  journal={International Journal of Database Theory and Application},
  volume={7},
  number={1},
  pages={61--70},
  year={2014},
  publisher={ (IJDTA)}
}

@techreport{blessing2010using,
  title={Using machine learning for identification of art paintings},
  author={Blessing, Alexander and Wen, Kai},
  year={2010},
  institution={Technical report, Stanford University}
}

@article{chen2004image,
  title={Image categorization by learning and reasoning with regions},
  author={Chen, Yixin and Wang, James Z},
  journal={The Journal of Machine Learning Research},
  volume={5},
  pages={913--939},
  year={2004},
  publisher={JMLR. org}
}

@article{dimitrovski2014fast,
  title={Fast and efficient visual codebook construction for multi-label annotation using predictive clustering trees},
  author={Dimitrovski, Ivica and Kocev, Dragi and Loskovska, Suzana and D{\v{z}}eroski, Sa{\v{s}}o},
  journal={Pattern Recognition Letters},
  volume={38},
  pages={38--45},
  year={2014},
  publisher={Elsevier}
}

@incollection{duygulu2002object,
  title={Object recognition as machine translation: Learning a lexicon for a fixed image vocabulary},
  author={Duygulu, Pinar and Barnard, Kobus and de Freitas, Joao FG and Forsyth, David A},
  booktitle={Computer Vision—ECCV 2002},
  pages={97--112},
  year={2002},
  publisher={Springer}
}

@inproceedings{jafarpour2009stylistic,
  title={Stylistic analysis of paintings using wavelets and machine learning},
  author={Jafarpour, Sina and Polatkan, G{\"u}ng{\"o}r and Brevdo, Eugene and Hughes, Shannon and Brasoveanu, Andrei and Daubechies, Ingrid},
  booktitle={European Signal Processing Conference},
  pages={1220--1224},
  year={2009}
}

@article{johnson2008image,
  title={Image processing for artist identification},
  author={Johnson Jr, C Richard and Hendriks, Ella and Berezhnoy, Igor J and Brevdo, Eugene and Hughes, Shannon M and Daubechies, Ingrid and Li, Jia and Postma, Eric and Wang, James Z},
  journal={Signal Processing Magazine, IEEE},
  volume={25},
  number={4},
  pages={37--48},
  year={2008},
  publisher={IEEE}
}

@article{rosario2000,
    title={Latent Semantic Indexing: An overview},
    author={Barbara Rosario},
    journal={INFOSYS},
    number={240 Spring},
    year={2000},
    url={http://www.cse.msu.edu/~cse960/Papers/LSI/LSI.pdf}
}

@book{leskovec2014mining,
  title={Mining of Massive Datasets},
  author={Leskovec, Jure and Rajaraman, Anand and Ullman, Jeffrey David},
  year={2014},
  publisher={Cambridge University Press}
}

@book{lagus2000text,
  title={Text Mining with the WEBSOM},
  author={Lagus, Krista and others},
  year={2000},
  publisher={Helsinki University of Technology}
}

@misc{Lichman:2013 ,
author = "M. Lichman",
year = "2013",
title = "{UCI} Machine Learning Repository",
url = "http://archive.ics.uci.edu/ml",
institution = "University of California, Irvine, School of Information and Computer Sciences" }

@inproceedings{polatkan2009detection,
  title={Detection of forgery in paintings using supervised learning},
  author={Polatkan, G{\"u}ng{\"o}r and Jafarpour, Sina and Brasoveanu, Andrei and Hughes, Shannon and Daubechies, Ingrid},
  booktitle={Image Processing (ICIP), 2009 16th IEEE International Conference on},
  pages={2921--2924},
  year={2009},
  organization={IEEE}
}


@article{schwenker2014pattern,
  title={Pattern classification and clustering: a review of partially supervised learning approaches},
  author={Schwenker, Friedhelm and Trentin, Edmondo},
  journal={Pattern Recognition Letters},
  volume={37},
  pages={4--14},
  year={2014},
  publisher={Elsevier}
}

@article{sun2014support,
  title={Support vector description of clusters for content-based image annotation},
  author={Sun, Liang and Ge, Hongwei and Yoshida, Shinichi and Liang, Yanchun and Tan, Guozhen},
  journal={Pattern Recognition},
  volume={47},
  number={3},
  pages={1361--1374},
  year={2014},
  publisher={Elsevier}
}

@article{uzair2015representation,
  title={Representation Learning with Deep Extreme Learning Machines for Efficient Image Set Classification},
  author={Uzair, Muhammad and Shafait, Faisal and Ghanem, Bernard and Mian, Ajmal},
  journal={arXiv preprint arXiv:1503.02445},
  year={2015}
}

@techreport{Felipe_lechuga,
  title={ Minería de textos.
Proyecto final de Métodos Analíticos },
  author={ Díaz, O. and Gerard, F.  and  Villaseñor A },
  year={2015},
  institution={ Instituto Tecnológico Autónomo de
México }
}

@techreport{Jared_andy,
  title={ ).  Similitud en el MET.
Proyecto final de Métodos Analíticos },
  author={ Fernández, A. García, A. Romero J },
  year={2015},
  institution={ Instituto Tecnológico Autónomo de
México }
}
@online{apache,
  author = {Apache},
  title = {Apache HTTP Server Project},
  year = 2014,
  url = {http://httpd.apache.org},
  urldate = {2015-09-13}
}
@online{veterina,
  author = {veterina},
  title = {veterina jemnice},
  year = 2015,
  url = {http://www.veterina.jemnice.cz/access.log},
  urldate = {2015-12-31}
}


@online{google,
  author = {Google},
  title = {Google Cloud},
  year = 2015,
  url = {https://cloud.google.com/products/calculator/\#id=7ab17a9f-54f9-4612-9e7d-363314e309d3 },
  urldate = {2015-05-01}
}
@online{amazon,
  author = {Amazon},
  title = {Amazon web services},
  year = 2015,
  url = {http://calculator.s3.amazonaws.com/index.html },
  urldate = {2015-05-01}
}

@inproceedings{susstrunk1999standard,
  title={Standard RGB color spaces},
  author={S{\"u}sstrunk, Sabine and Buckley, Robert and Swen, Steve},
  booktitle={Color and Imaging Conference},
  volume={1999},
  number={1},
  pages={127--134},
  year={1999},
  organization={Society for Imaging Science and Technology}
}

@article{burt1981fast,
  title={Fast filter transform for image processing},
  author={Burt, Peter J},
  journal={Computer graphics and image processing},
  volume={16},
  number={1},
  pages={20--51},
  year={1981},
  publisher={Elsevier}
}

@book{still2005definitive,
  title={The definitive guide to ImageMagick},
  author={Still, Michael},
  year={2005},
  publisher={Apress}
}
